@misc{exaraw2024,
  author = {Mahefa},
  title  = {Les pratiques agiles permettent d'améliorer la qualité de votre conception web en la stimulant},
  year   = {2024},
  url    = {https://blog.exaraw.com/agile/les-pratiques-agiles-permettent-dameliorer-la-qualite-de-votre-conception-web-en-la-stimulant/},
  note   = {Consulté le: 29 août 2024}
}


@inproceedings{kamran2020,
  title        = {Automated Military Vehicle Detection From Low-Altitude Aerial Images},
  author       = {Kamran, Farrukh and Shahzad, Muhammad and Shafait, Faisal},
  booktitle    = {Conference on Electrical Engineering and Computer Science},
  year         = {2020},
  pages        = {1-8},
  organization = {NUST, Islamabad}
}

@article{gupta2021,
  title   = {Vehicle Detection in Aerial Images using Deep Learning Techniques},
  author  = {Gupta, S. and others},
  journal = {Journal of Remote Sensing and GIS},
  volume  = {12},
  number  = {2},
  year    = {2021},
  pages   = {115-134}
}

@inproceedings{spie2020,
  title     = {Long-range person and vehicle detection},
  author    = {Dijk, Judith and Schutte, Klamer and others},
  booktitle = {Proceedings of SPIE},
  year      = {2020}
}


@article{ruiz2022dreambooth,
  title     = {DreamBooth: Fine Tuning Text-to-image Diffusion Models for Subject-Driven Generation},
  author    = {Ruiz, Nataniel and Li, Yuanzhen and Jampani, Varun and Pritch, Yael and Rubinstein, Michael and Aberman, Kfir},
  booktitle = {arXiv preprint arxiv:2208.12242},
  year      = {2022}
}

@inproceedings{redmon2016yolo,
  author    = {Joseph Redmon and Santosh Divvala and Ross Girshick and Ali Farhadi},
  title     = {You Only Look Once: Unified, Real-Time Object Detection},
  booktitle = {Proceedings of the IEEE Conference on Computer Vision and Pattern Recognition (CVPR)},
  year      = {2016},
  pages     = {779--788}
}

@inproceedings{liu2016ssd,
  author    = {Wei Liu and Dragomir Anguelov and Dumitru Erhan and Christian Szegedy and Scott Reed and Cheng-Yang Fu and Alexander C. Berg},
  title     = {SSD: Single Shot Multibox Detector},
  booktitle = {Computer Vision – ECCV 2016, Lecture Notes in Computer Science},
  year      = {2016},
  volume    = {9905},
  pages     = {21--37}
}

@article{girshick2016rcnn,
  author    = {Ross Girshick and Jeff Donahue and Trevor Darrell and Jitendra Malik},
  title     = {Region-based Convolutional Networks for Accurate Object Detection and Segmentation},
  journal   = {IEEE Transactions on Pattern Analysis and Machine Intelligence},
  volume    = {38},
  number    = {1},
  pages     = {142--158},
  year      = {2016}
}
